@article{sonter1997technical,
  title={The technical and economic feasibility of mining the near-earth asteroids},
  author={Sonter, Mark Joseph},
  journal={Acta Astronautica},
  volume={41},
  number={4-10},
  pages={637--647},
  year={1997},
  publisher={Elsevier}
}

@misc{OuterSpaceTreaty,
	author = {United Nations},
	title = {Treaty on Principles Governing the Activities of States in the Exploration and Use of Outer Space, including the Moon and Other Celestial Bodies},
	howpublished = {\url{http://disarmament.un.org/treaties/t/outer_space/text}},
	month = {},
	year = {},
	note = {(Accessed on 04/18/2019)}
}

@article{nash1951non,
	title={Non-cooperative games},
	author={Nash, John},
	journal={Annals of mathematics},
	pages={286--295},
	year={1951},
	publisher={JSTOR}
}

@book{bicchieri1997dynamics,
	title={The dynamics of norms},
	author={Bicchieri, Cristina and Jeffrey, Richard and Jeffrey, Richard C and Skyrms, Brian and Adams, Ernest W and Diaconis, Persi and Harper, Emeritus William L and Harsanyi, John and Suppes, Patrick and others},
	year={1997},
	publisher={Cambridge University Press}
}

@article{monroe2018ai,
	title={AI holds the better hand},
	author={Monroe, Don},
	journal={Communications of the ACM},
	volume={61},
	number={9},
	pages={14--16},
	year={2018},
	publisher={ACM}
}

@article{lebrun1996existence,
	title={Existence of an equilibrium in first price auctions},
	author={Lebrun, Bernard},
	journal={Economic Theory},
	volume={7},
	number={3},
	pages={421--443},
	year={1996},
	publisher={Springer}
}

@book{kotz2004continuous,
	title={Continuous multivariate distributions, Volume 1: Models and applications},
	author={Kotz, Samuel and Balakrishnan, Narayanaswamy and Johnson, Norman L},
	volume={1},
	year={2004},
	publisher={John Wiley \& Sons}
}

@MISC {813462,
	TITLE = {finding the pdf of the square of another pdf},
	AUTHOR = {Moo, Kid},
	HOWPUBLISHED = {Mathematics Stack Exchange},
	NOTE = {URL:https://math.stackexchange.com/q/813462 (version: 2014-05-29)},
	EPRINT = {https://math.stackexchange.com/q/813462},
	URL = {https://math.stackexchange.com/q/813462}
}

@book{screpanti2005outline,
	title={An outline of the history of economic thought},
	author={Screpanti, Ernesto and Zamagni, Stefano},
	year={2005},
	publisher={Oxford University Press on Demand}
}

@misc{coopGame,
	title = {Non-Cooperative Game},
	author={Shor, Mikhael},
	howpublished = {http://www.gametheory.net/dictionary/Non-CooperativeGame.html},
	note = {Accessed: 2019-04-26}
}

@book{forbes2011statistical,
	title={Statistical distributions},
	author={Forbes, Catherine and Evans, Merran and Hastings, Nicholas and Peacock, Brian},
	year={2011},
	publisher={John Wiley \& Sons}
}

@article{davis2015long,
	title={How long does it take to develop and launch government satellite systems?},
	author={Davis, Lorrie A and Filip, Lucien},
	journal={International Cost Estimating and Analysis Association‚Äù AEROSPACE REPORT},
	year={2015}
}

@book{myerson2013game,
	title={Game theory},
	author={Myerson, Roger B},
	year={2013},
	publisher={Harvard university press}
}

@misc{Strategy8:online,
	author = {},
	title = {Strategy in Game Theory - Game Theory .net},
	howpublished = {\url{http://www.gametheory.net/dictionary/PureStrategy.html}},
	month = {},
	year = {},
	note = {(Accessed on 05/01/2019)}
}

@article{yannakakis2013player,
	title={Player Modeling},
	author={Yannakakis, Georgios N and Spronck, Pieter and Loiacono, Daniele and Andr{\'e}, Elisabeth},
	journal={Artificial and Computational Intelligence in Games},
	pages={45},
	year={2013}
}

@article{baier2010power,
	title={The power of forgetting: Improving the last-good-reply policy in Monte Carlo Go},
	author={Baier, Hendrik and Drake, Peter D},
	journal={IEEE Transactions on Computational Intelligence and AI in Games},
	volume={2},
	number={4},
	pages={303--309},
	year={2010},
	publisher={IEEE}
}

@article{browne2012survey,
	title={A survey of monte carlo tree search methods},
	author={Browne, Cameron B and Powley, Edward and Whitehouse, Daniel and Lucas, Simon M and Cowling, Peter I and Rohlfshagen, Philipp and Tavener, Stephen and Perez, Diego and Samothrakis, Spyridon and Colton, Simon},
	journal={IEEE Transactions on Computational Intelligence and AI in games},
	volume={4},
	number={1},
	pages={1--43},
	year={2012},
	publisher={IEEE}
}

@article{axelrod1980effective,
	title={Effective choice in the prisoner's dilemma},
	author={Axelrod, Robert},
	journal={Journal of conflict resolution},
	volume={24},
	number={1},
	pages={3--25},
	year={1980},
	publisher={Sage Publications Sage CA: Los Angeles, CA}
}

@article{sonter2006asteroid,
	title={Asteroid Mining: Key to Space Economy},
	author={Sonter, Mark},
	journal={Retrieved on August},
	volume={6},
	pages={2009},
	year={2006}
}

@article{bottke2000understanding,
	title={Understanding the distribution of near-Earth asteroids},
	author={Bottke, William F and Jedicke, Robert and Morbidelli, Alessandro and Petit, Jean-Marc and Gladman, Brett},
	journal={Science},
	volume={288},
	number={5474},
	pages={2190--2194},
	year={2000},
	publisher={American Association for the Advancement of Science}
}

@misc{MarsExpl75:online,
	author = {},
	title = {Mars Exploration Timeline},
	howpublished = {\url{https://nssdc.gsfc.nasa.gov/planetary/chronology_mars.html}},
	month = {},
	year = {},
	note = {(Accessed on 05/03/2019)}
}

@article{ross2001near,
	title={Near-earth asteroid mining},
	author={Ross, Shane D},
	journal={Space},
	pages={1--24},
	year={2001},
	publisher={Citeseer}
}

